<record><leader>00000cas a22000007a 4500</leader><controlfield tag="001">29336147</controlfield><controlfield tag="008">931116d19791983okuwr ne      0    0eng d</controlfield><controlfield tag="009">15907</controlfield><datafield ind1=" " ind2=" " tag="010"><subfield code="a">sn 93066231 </subfield></datafield><datafield ind1=" " ind2=" " tag="040"><subfield code="a">OBN</subfield><subfield code="b">eng</subfield><subfield code="c">OBN</subfield><subfield code="d">OCL</subfield><subfield code="d">OCLCQ</subfield></datafield><datafield ind1="1" ind2=" " tag="029"><subfield code="a">AU@</subfield><subfield code="b">000022802150</subfield></datafield><datafield ind1=" " ind2=" " tag="042"><subfield code="a">msc</subfield></datafield><datafield ind1="0" ind2=" " tag="130"><subfield code="a">Argus (Texhoma, Okla. : 1979)</subfield></datafield><datafield ind1="0" ind2="4" tag="245"><subfield code="a">The Argus.</subfield></datafield><datafield ind1=" " ind2=" " tag="260"><subfield code="a">Texhoma, Okla. :</subfield><subfield code="b">Argus Newspaper</subfield></datafield><datafield ind1=" " ind2=" " tag="300"><subfield code="a">v.</subfield></datafield><datafield ind1=" " ind2=" " tag="310"><subfield code="a">Weekly</subfield></datafield><datafield ind1="0" ind2=" " tag="362"><subfield code="a">Vol. 1, no. 1 (June 14, 1979)-v. 5, no. 8 (July 28, 1983).</subfield></datafield><datafield ind1=" " ind2="4" tag="651"><subfield code="a">Texhoma (Okla.)</subfield><subfield code="v">Newspapers.</subfield></datafield><datafield ind1=" " ind2="4" tag="651"><subfield code="a">Texas County (Okla.)</subfield><subfield code="v">Newspapers.</subfield></datafield><datafield ind1=" " ind2=" " tag="752"><subfield code="a">United States</subfield><subfield code="b">Oklahoma</subfield><subfield code="c">Texas</subfield><subfield code="d">Texhoma.</subfield></datafield><datafield ind1="0" ind2="7" tag="785"><subfield code="t">Texhoma times</subfield><subfield code="w">(DLC)sn 88084200</subfield><subfield code="w">(OCoLC)18434379</subfield></datafield><datafield ind1="0" ind2="7" tag="785"><subfield code="t">Argus-times</subfield><subfield code="w">(DLC)sn 8308630</subfield><subfield code="w">(OCoLC)9819486</subfield></datafield></record>